<record><leader>00000cas a22000007a 4500</leader><controlfield tag="001">40194585</controlfield><controlfield tag="007">hd afu---caca</controlfield><controlfield tag="008">981030d18391840gaudn ne      0    0eng  </controlfield><datafield ind1=" " ind2=" " tag="010"><subfield code="a">sn 98053409 </subfield></datafield><datafield ind1=" " ind2=" " tag="040"><subfield code="a">DLC</subfield><subfield code="b">eng</subfield><subfield code="c">HLS</subfield><subfield code="d">OCL</subfield><subfield code="d">OCLCF</subfield><subfield code="d">OCLCO</subfield></datafield><datafield ind1=" " ind2=" " tag="012"><subfield code="i">9810</subfield></datafield><datafield ind1="1" ind2=" " tag="029"><subfield code="a">AU@</subfield><subfield code="b">000020133816</subfield></datafield><datafield ind1=" " ind2=" " tag="042"><subfield code="a">msc</subfield></datafield><datafield ind1="0" ind2=" " tag="130"><subfield code="a">Daily republican (Savannah, Ga. : 1839)</subfield></datafield><datafield ind1="1" ind2="0" tag="245"><subfield code="a">Daily republican</subfield><subfield code="h">[microform].</subfield></datafield><datafield ind1=" " ind2=" " tag="260"><subfield code="a">Savannah, Ga. :</subfield><subfield code="b">Locke &amp; Davis,</subfield><subfield code="c">1839-1840.</subfield></datafield><datafield ind1=" " ind2=" " tag="300"><subfield code="a">v.</subfield></datafield><datafield ind1=" " ind2=" " tag="310"><subfield code="a">Daily (except Sunday)</subfield></datafield><datafield ind1="0" ind2=" " tag="362"><subfield code="a">Vol. 36, no. 216 (Nov. 4, 1839)-v. 38, no. 257 (Oct. 24, 1840) = whole no. 97008-whole no. 97358.</subfield></datafield><datafield ind1=" " ind2=" " tag="533"><subfield code="a">Microfilm.</subfield><subfield code="b">Athens, GA :</subfield><subfield code="c">University of Georgia Libraries,</subfield><subfield code="d">1978.</subfield><subfield code="e">2 microfilm reels ; 35 mm.</subfield></datafield><datafield ind1=" " ind2="0" tag="651"><subfield code="a">Savannah (Ga.)</subfield><subfield code="v">Newspapers.</subfield></datafield><datafield ind1=" " ind2="0" tag="651"><subfield code="a">Chatham County (Ga.)</subfield><subfield code="v">Newspapers.</subfield></datafield><datafield ind1=" " ind2="7" tag="655"><subfield code="a">Newspapers.</subfield><subfield code="2">fast</subfield><subfield code="0">(OCoLC)fst01423814</subfield></datafield><datafield ind1=" " ind2="7" tag="651"><subfield code="a">Georgia</subfield><subfield code="z">Chatham County.</subfield><subfield code="2">fast</subfield><subfield code="0">(OCoLC)fst01207617</subfield></datafield><datafield ind1=" " ind2="7" tag="651"><subfield code="a">Georgia</subfield><subfield code="z">Savannah.</subfield><subfield code="2">fast</subfield><subfield code="0">(OCoLC)fst01207319</subfield></datafield><datafield ind1=" " ind2=" " tag="752"><subfield code="a">United States</subfield><subfield code="b">Georgia</subfield><subfield code="c">Chatham</subfield><subfield code="d">Savannah.</subfield></datafield><datafield ind1="0" ind2=" " tag="775"><subfield code="t">Savannah republican (Savannah, Ga. : 1817 : Triweekly)</subfield><subfield code="w">(DLC)sn 86053276</subfield><subfield code="w">(OCoLC)13415822</subfield></datafield><datafield ind1="0" ind2="0" tag="780"><subfield code="t">Daily Savannah republican</subfield><subfield code="w">(DLC)sn 98053408</subfield><subfield code="w">(OCoLC)40194572</subfield></datafield><datafield ind1="0" ind2="0" tag="785"><subfield code="t">Savannah daily republican (Savannah, Ga. : 1840)</subfield><subfield code="w">(DLC)sn 98053410</subfield><subfield code="w">(OCoLC)40194631</subfield></datafield><datafield ind1=" " ind2=" " tag="850"><subfield code="a">MH</subfield></datafield></record>